
@article{interplay-climate-change-air-pollution-health,
	title={The Interplay of Climate Change and Air Pollution on Health},
	volume={4},
	pages={504-513},
	DOI={10.1007/s40572-017-0168-6},
	journal={Current Environmental Health Reports},
	author={Orru, H. and Ebi, K.L. and Forsberg, B.},
	year = {2017}
}

@article{health-impacts-air-pollution-review, 
  title={Environmental and health impacts of Air Pollution: A Review}, 
  volume={8},
  DOI={10.3389/fpubh.2020.00014}, 
  journal={Frontiers in Public Health},
  author={Manisalidis, Ioannis and Stavropoulou, Elisavet and Stavropoulos,
          Agathangelos and Bezirtzoglou, Eugenia}, 
  year={2020} 
} 

@article{health-effects-of-air-pollution, 
  title={Health effects of air pollution}, 
  volume={114},
  DOI={10.1016/j.jaci.2004.08.030}, 
  number={5}, 
  journal={Journal of Allergy and Clinical Immunology},
  author={Bernstein, Jonathan A. and Alexis, Neil and Barnes, Charles and
          Bernstein, I. Leonard and Nel, Andre and Peden, David and
          Diaz-Sanchez, David and Tarlo, Susan M. and Williams, P. Brock and
          Bernstein, Jonathan A. and et al.}, 
  year={2004}, 
  pages={1116â€“1123}
}

@article{socioeconomic-disparities-air-pollution-review,
  title={Socioeconomic Disparities and Air Pollution Exposure: a Global Review},
  DOI={10.1007/s40572-015-0069-5},
  journal={Springer International Publishing},
  author={Hajat, Anjum and Hsia, Charleve and S. O'Neill, Marie},
  year={2015},
  pages={440-450}
}

@online{epa-what-is-ozone,
  title={What is Ozone?},
  author={EPA},
  url={https://www.epa.gov/ozone-pollution-and-your-patients-health/what-ozone}  
}

@online{epa-ozone-health-effects,
	title={Health Effects of Ozone in the General Population},
	author={EPA},
	url={https://www.epa.gov/ozone-pollution-and-your-patients-health/health-effects-ozone-general-population}
}

@online{epa-what-is-pm,
  title={What is Particulate Matter?},
  author={EPA},
  url={https://www.epa.gov/pm-pollution/particulate-matter-pm-basics}  
}

@online{epa-pm-health-effects,
	title={Health and Environmental Effects of Particulate Matter (PM)},
	author={EPA},
	url={https://www.epa.gov/pm-pollution/health-and-environmental-effects-particulate-matter-pm}
}

@online{epa-how-smoke-affects-health,
	title={How Smoke from Fires Can Affect Your Health},
	author={EPA, AirNow},
	url={https://www.airnow.gov/air-quality-and-health/how-smoke-from-fires-can-affect-your-health/}
}

@online{epa-co-basics,
	title={Basic Information about Carbon Monoxide (CO) Outdoor Air Pollution},
	author={EPA},
	url={https://www.epa.gov/co-pollution/basic-information-about-carbon-monoxide-co-outdoor-air-pollution#Effects}
}

@online{epa-so2-basics,
	title={Sufur Dioxide Basics},
	author={EPA},
	url={https://www.epa.gov/so2-pollution/sulfur-dioxide-basics}
}

@online{pubchem-so2,
	title={Compound Summary: Sulfur Dioxide},
	author={National Library of Medicine},
	url={https://pubchem.ncbi.nlm.nih.gov/compound/sulfur-dioxide}
}

@online{epa-no2-basics,
	title={Nitrogen Dioxide Basics},
	author={EPA},
	url={https://www.epa.gov/no2-pollution/basic-information-about-no2#What%20is%20NO2}
}

@online{pubchem-no2,
	title={Compound Summary: Nitrogen Dioxide},
	author={National Library of Medicine},
	url={https://pubchem.ncbi.nlm.nih.gov/compound/Nitrogen-dioxide}
}

@online{aqi-technical-doc,
	title={Technical Assistance Document for the Reporting of Daily Air Quality},
	author={EPA, AirNow},
	url={https://www.airnow.gov/publications/air-quality-index/technical-assistance-document-for-reporting-the-daily-aqi/}
}

@online{freertos-guide,
	title={Mastering the FreeRTOS Real Time Kernel - A Hands On Tutorial Guide},
	author={Richard Barry},
	url={https://www.freertos.org/Documentation/RTOS_book.html}
}

@online{about-freertos-arch,
	title={FreeRTOS},
	author={Christopher Svec},
	url={https://aosabook.org/en/freertos.html}
}

@online { air-quality-standard-pm,
    title={National Ambient Air Quality Standards (NAAQS) for PM},
    author={EPA},
    url={https://www.epa.gov/pm-pollution/national-ambient-air-quality-standards-naaqs-pm}
}

@online{mclimate-aqi-sensor,
    title={MClimate AQI Sensor and Notifier LoRaWAN},
    author={MClimate},
    url={https://docs.mclimate.eu/mclimate-lorawan-devices/devices/mclimate-aqi-sensor-and-notifier-lorawan}
}

@online{davis-airlink,
    title={Davis Airlink},
    author={Davis Instruments},
    url={https://www.davisinstruments.com/pages/airlink}
}

@online{the-things-network,
    title={The Things Community Network Documentation},
    author={The Things Industries},
    url={https://www.thethingsnetwork.org/docs/}
}

@online{unity-homepage,
  title={Unity - Unit Testing for C},
  author={VanderVoord, Mark and Karlesky, Mike and Williams, Greg},
  url={http://www.throwtheswitch.org/unity}
}

@online{unity-github,
  title={Unity Test},
  author={VanderVoord, Mark and Karlesky, Mike and Williams, Greg},
  url={https://github.com/ThrowTheSwitch/Unity}
}

 @online{unity-github,
  title={MPPT Performance},
  author={B. Pakkiraiah and G. Durga Sukumar},
  url={https://www.hindawi.com/journals/jse/2016/8012432/}
}

@online{unity-github,
  title={MPPT Performance},
  author={B. Pakkiraiah and G. Durga Sukumar},
  url={https://www.hindawi.com/journals/jse/2016/8012432/}
}

@online{server-vs-serverless,
  title={Server vs Serverless Cloud Computing-Comparing Amazon EC2 and AWS Lambda},
  author={Banerjee, Sudipta},
  url={https://sudiptobanerjee14.medium.com/server-vs-serverless-cloud-computing-comparing-amazon-ec2-and-aws-lambda-f3684e9b840a}
}

@online{aws-serverless,
  title={Serverless on AWS},
  author={Amazon Web Services},
  url={https://aws.amazon.com/serverless/
}
